<?xml version="1.0" encoding="UTF-8"?><collection xmlns="http://www.loc.gov/MARC21/slim"><record><leader>00602nam--2200205-i-4500</leader><controlfield tag="001">000038461</controlfield><controlfield tag="002">20161230</controlfield><controlfield tag="005">20161230201041</controlfield><controlfield tag="008">060222s1000------------r-----000-0-rus-d</controlfield><datafield ind1=" " ind2=" " tag="040"><subfield code="a">IFIN-HH</subfield></datafield><datafield ind1=" " ind2=" " tag="041"><subfield code="a">rus</subfield></datafield><datafield ind1=" " ind2=" " tag="080"><subfield code="a">539.1</subfield></datafield><datafield ind1="1" ind2=" " tag="100"><subfield code="a">Dearnaley, G. /S.A.</subfield></datafield><datafield ind1="1" ind2="0" tag="245"><subfield code="a">Poluprovodnikovie scetciki iadernih izlucenii</subfield><subfield code="c">G. dearnaley, d.c. northrop</subfield></datafield><datafield ind1=" " ind2=" " tag="260"><subfield code="a">Moskva</subfield><subfield code="b">Mir</subfield><subfield code="c">1966</subfield></datafield><datafield ind1=" " ind2=" " tag="300"><subfield code="a">359P</subfield></datafield><datafield ind1=" " ind2=" " tag="500"><subfield code="a">Titlul Original In Limba Engleza: Semiconductor Counters For Nuclear Radiations</subfield></datafield><datafield ind1=" " ind2=" " tag="700"><subfield code="a">Northrop, D.C</subfield></datafield><datafield ind1=" " ind2=" " tag="852"><subfield code="a">25598</subfield><subfield code="c">539.1.07:539.1.08</subfield></datafield><datafield ind1=" " ind2=" " tag="CAT"><subfield code="a">Sys</subfield><subfield code="c">20111019</subfield><subfield code="h">144140</subfield></datafield></record></collection>